<record><leader>00000cas a22000007a 4500</leader><controlfield tag="001">10859311</controlfield><controlfield tag="008">840619d1842184umaudn ne      0    0eng d</controlfield><datafield ind1=" " ind2=" " tag="010"><subfield code="a">sn 84023399 </subfield></datafield><datafield ind1=" " ind2=" " tag="040"><subfield code="a">NPX</subfield><subfield code="b">eng</subfield><subfield code="c">NPX</subfield><subfield code="d">MGN</subfield><subfield code="d">OCLCQ</subfield></datafield><datafield ind1=" " ind2=" " tag="042"><subfield code="a">msc</subfield></datafield><datafield ind1="0" ind2=" " tag="130"><subfield code="a">Boston daily ledger (Boston, Mass. : 1842)</subfield></datafield><datafield ind1="1" ind2="0" tag="245"><subfield code="a">Boston daily ledger.</subfield></datafield><datafield ind1=" " ind2=" " tag="260"><subfield code="a">Boston, Mass. :</subfield><subfield code="b">Morgan &amp; Co.</subfield></datafield><datafield ind1=" " ind2=" " tag="300"><subfield code="a">v.</subfield></datafield><datafield ind1=" " ind2=" " tag="310"><subfield code="a">Daily (except Sun.)</subfield></datafield><datafield ind1="1" ind2=" " tag="362"><subfield code="a">Began Apr. 4, 1842.</subfield></datafield><datafield ind1=" " ind2=" " tag="500"><subfield code="a">Editor: William Bartlett.</subfield></datafield><datafield ind1=" " ind2=" " tag="580"><subfield code="a">Weekly ed.: Dollar weekly Bostonian.</subfield></datafield><datafield ind1=" " ind2=" " tag="588"><subfield code="a">Description based on: Vol. 1, no. 3 (Apr. 6, 1842).</subfield></datafield><datafield ind1="1" ind2=" " tag="700"><subfield code="a">Bartlett, William.</subfield></datafield><datafield ind1=" " ind2=" " tag="752"><subfield code="a">United States</subfield><subfield code="b">Massachusetts</subfield><subfield code="c">Suffolk</subfield><subfield code="d">Boston.</subfield></datafield><datafield ind1="1" ind2=" " tag="775"><subfield code="t">Dollar weekly Bostonian</subfield><subfield code="w">(DLC)sn 84023173</subfield></datafield></record>